@article{scholz2016line,
  title={A Line Based Approach for Bugspots},
  author={Scholz, Maximilian},
  year={2016}
}

@misc{bugspots,
  title={{"Bug Prediction at Google"}},
  author={Chris Lewis and Rong Ou},
  year={2011},
  url={https://google-engtools.blogspot.de/2011/12/bug-prediction-at-google.html}
}

@ARTICLE{6035727, 
author={T. Hall and S. Beecham and D. Bowes and D. Gray and S. Counsell}, 
journal={IEEE Transactions on Software Engineering}, 
title={A Systematic Literature Review on Fault Prediction Performance in Software Engineering}, 
year={2012}, 
volume={38}, 
number={6}, 
pages={1276-1304}, 
keywords={Bayes methods;regression analysis;software fault tolerance;software quality;contextual information;cost reduction;fault prediction models;fault prediction performance;fault prediction study;feature selection;independent variables;logistic regression;methodological information;naive Bayes;predictive performance;reliable methodology;simple modeling techniques;software engineering;software quality;systematic literature review;Analytical models;Context modeling;Data models;Fault diagnosis;Predictive models;Software testing;Systematics;Systematic literature review;software fault prediction},
doi={10.1109/TSE.2011.103}, 
ISSN={0098-5589}, 
month={11},}

@INPROCEEDINGS{1553571, 
author={N. Nagappan and T. Ball}, 
booktitle={Proceedings. 27th International Conference on Software Engineering, 2005. ICSE 2005.}, 
title={Use of relative code churn measures to predict system defect density}, 
year={2005}, 
volume={}, 
number={}, 
pages={284-292}, 
keywords={regression analysis;software metrics;systems analysis;multiple regression;principal component analysis;relative code churn measures;statistical regression;system defect density prediction;Automatic control;Computer science;Control systems;Density measurement;History;Software engineering;Software measurement;Software quality;Software systems;Time measurement}, 
doi={10.1109/ICSE.2005.1553571}, 
ISSN={0270-5257}, 
month={5},}

@INPROCEEDINGS{5635057, 
author={N. Nagappan and A. Zeller and T. Zimmermann and K. Herzig and B. Murphy}, 
booktitle={2010 IEEE 21st International Symposium on Software Reliability Engineering}, 
title={Change Bursts as Defect Predictors}, 
year={2010}, 
volume={}, 
number={}, 
pages={309-318}, 
keywords={configuration management;software metrics;software quality;Windows Vista;change burst;defect predictor;defect prone component;predictive power;software development;software quality;version control;Complexity theory;History;Measurement;Predictive models;Programming;Quality assurance;Software;Process metrics;change history;defects;developers;empirical studies;product metrics;software mining;software quality assurance;version control}, 
doi={10.1109/ISSRE.2010.25}, 
ISSN={1071-9458}, 
month={11},}

@misc{linespots-lib,
    author = "{Maximilian Scholz}",
    title = "{A Linespots Reference Implementation}",
    year = "2017",
    howpublished = "\url{https://gitlab.com/sims1253/linespots-lib}",
    note = "[Online; accessed 2018-06-12]"
  }
  
@INPROCEEDINGS{5463279,
author={M. D'Ambros and M. Lanza and R. Robbes},
booktitle={2010 7th IEEE Working Conference on Mining Software Repositories (MSR 2010)},
title={An extensive comparison of bug prediction approaches},
year={2010},
volume={},
number={},
pages={31-41},
keywords={program debugging;resource allocation;software engineering;bug prediction approaches;resource allocation problem;software defects;software engineering;Computer bugs;Computer science;Entropy;Informatics;Open source software;Power system modeling;Predictive models;Software engineering;Software systems;Stability},
doi={10.1109/MSR.2010.5463279},
ISSN={2160-1852},
month={5},}

@inproceedings{Kim:2007:PFC:1248820.1248881,
 author = {Kim, Sunghun and Zimmermann, Thomas and Whitehead Jr., E. James and Zeller, Andreas},
 title = {Predicting Faults from Cached History},
 booktitle = {Proceedings of the 29th International Conference on Software Engineering},
 series = {ICSE '07},
 year = {2007},
 isbn = {0-7695-2828-7},
 pages = {489--498},
 numpages = {10},
 url = {http://dx.doi.org/10.1109/ICSE.2007.66},
 doi = {10.1109/ICSE.2007.66},
 acmid = {1248881},
 publisher = {IEEE Computer Society},
 address = {Washington, DC, USA},
} 

@inproceedings{Rahman:2011:BIH:2025113.2025157,
 author = {Rahman, Foyzur and Posnett, Daryl and Hindle, Abram and Barr, Earl and Devanbu, Premkumar},
 title = {BugCache for Inspections: Hit or Miss?},
 booktitle = {Proceedings of the 19th ACM SIGSOFT Symposium and the 13th European Conference on Foundations of Software Engineering},
 series = {ESEC/FSE '11},
 year = {2011},
 isbn = {978-1-4503-0443-6},
 location = {Szeged, Hungary},
 pages = {322--331},
 numpages = {10},
 url = {http://doi.acm.org/10.1145/2025113.2025157},
 doi = {10.1145/2025113.2025157},
 acmid = {2025157},
 publisher = {ACM},
 address = {New York, NY, USA},
 keywords = {empirical software engineering, fault prediction, inspection},
} 

@article{RADJENOVIC20131397,
title = "Software fault prediction metrics: A systematic literature review",
journal = "Information and Software Technology",
volume = "55",
number = "8",
pages = "1397 - 1418",
year = "2013",
issn = "0950-5849",
doi = "https://doi.org/10.1016/j.infsof.2013.02.009",
url = "http://www.sciencedirect.com/science/article/pii/S0950584913000426",
author = "Danijel Radjenović and Marjan Heričko and Richard Torkar and Aleš Živkovič",
keywords = "Software metric, Software fault prediction, Systematic literature review"
}

@article{ARISHOLM20102,
title = "A systematic and comprehensive investigation of methods to build and evaluate fault prediction models",
journal = "Journal of Systems and Software",
volume = "83",
number = "1",
pages = "2 - 17",
year = "2010",
note = "SI: Top Scholars",
issn = "0164-1212",
doi = "https://doi.org/10.1016/j.jss.2009.06.055",
url = "http://www.sciencedirect.com/science/article/pii/S0164121209001605",
author = "Erik Arisholm and Lionel C. Briand and Eivind B. Johannessen",
keywords = "Fault prediction models, Cost-effectiveness, Verification"
}

@INPROCEEDINGS{5431727,
author={S. Shivaji and E. J. W. Jr. and R. Akella and S. Kim},
booktitle={2009 IEEE/ACM International Conference on Automated Software Engineering},
title={Reducing Features to Improve Bug Prediction},
year={2009},
volume={},
number={},
pages={600-604},
keywords={Bayes methods;learning (artificial intelligence);program debugging;source coding;support vector machines;Naive Bayes;SVM classifiers;Support Vector Machine;classification-based bug prediction;feature selection technique;insufficient accuracy;machine learning classifiers;scalability;software history data;source code file;Computer bugs;Design engineering;History;Machine learning;Prediction algorithms;Scalability;Software engineering;Software performance;Support vector machine classification;Support vector machines;Bug prediction;Feature Selection;Machine Learning;Reliability},
doi={10.1109/ASE.2009.76},
ISSN={1938-4300},
month={11},}

